
@string{WWW = "Proc. of Intl. World Wide Web Conf. (WWW)"}

@misc { json,
    title = {{JSON}},
    note = {{\tt http://json.org}}
    }

@inproceedings{jjb-www2010,
 author = {Barton, John J. and Odvarko, Jan},
 title = {Dynamic and graphical web page breakpoints},
 booktitle = {Proceedings of the 19th international conference on World wide web},
 series = {WWW '10},
 year = {2010},
 isbn = {978-1-60558-799-8},
 location = {Raleigh, North Carolina, USA},
 pages = {81--90},
 numpages = {10},
 url = {http://doi.acm.org/10.1145/1772690.1772700},
 doi = {http://doi.acm.org/10.1145/1772690.1772700},
 acmid = {1772700},
 publisher = {ACM},
 address = {New York, NY, USA},
 keywords = {breakpoints, css, debugging, dynamic, firebug, html, javascript, web},
}

@misc { v8,
    title = {V8 {D}ebug {P}rotocol},
    note = {{\tt http://code.google.com/p/v8/wiki/DebuggerProtocol}}
}

@misc { chrome-dev-tools,
    title = {Google {C}hrome {D}ev {T}ools {P}rotocol},
    note = {{\tt http://code.google.com/p/chromedevtools/wiki/ChromeDevToolsProtocol}}
    }

@misc { opera-scope,
    title = {Opera {S}cope {P}rotocol},
    note = {{\tt http://dragonfly.opera.com/app/scope-interface/}}
}

@misc { opera-dragonfly,
    title = {Opera {D}ragon{F}ly},
    note = {{\tt http://www.opera.com/dragonfly/}}
    }

@misc { dbgp,
    title = {{DBGP}},
    note = {{\tt http://www.xdebug.org/docs-dbgp.php}}
 }

@misc { gdb-song,
    title = {{GDB} {S}ong},
    note = {{\tt http://www.gnu.org/music/gdb-song.html}}
}

@manual { gdb-rsp,
    title = {{GNU} {D}ebugger ({GDB}) {M}anual},
    note = {{\tt http://sourceware.org/gdb/current/onlinedocs/gdb/}}
}

@misc { weinre,
    title = "Weinre",
    note = {{\tt http://pmuellr.github.com/weinre/ }}
    }

@misc { EclipseJSDT,
    title = {Eclipse {JSDT}},
    note = {{\tt http://wiki.eclipse.org/JSDT/Debug}}
    }

@inproceedings{VitekDynamicJS2010,
 author = {Richards, Gregor and Lebresne, Sylvain and Burg, Brian and Vitek, Jan},
 title = {An analysis of the dynamic behavior of JavaScript programs},
 booktitle = {Proceedings of the 2010 ACM SIGPLAN conference on Programming language design and implementation},
 series = {PLDI '10},
 year = {2010},
 isbn = {978-1-4503-0019-3},
 location = {Toronto, Ontario, Canada},
 pages = {1--12},
 numpages = {12},
 url = {http://doi.acm.org/10.1145/1806596.1806598},
 doi = {http://doi.acm.org/10.1145/1806596.1806598},
 acmid = {1806598},
 publisher = {ACM},
 address = {New York, NY, USA},
 keywords = {dynamic behavior, dynamic metrics, execution tracing, javascript, program analysis},
}

@misc { websocketapi,
    title = {Web{S}ocket {API} {S}pecification},
    note = {{\tt http://dev.w3.org/html5/websockets/}}
    }

@misc { websocketprotocol,
    title = {Web{S}ocket {P}rotocol},
    note = {{\tt http://www.whatwg.org/specs/web-socket-protocol/}}
    }

@manual { jdwp,
    title = {Java {P}latform {D}ebugger {A}rchitecture},
    note = {{\tt http://download.oracle.com/javase/1.5.0/docs/guide/jpda/}}
    }

@misc { orion,
    title = {Orion},
    note = {{\tt http://www.eclipse.org/orion/}}
    }

@misc { cloud9,
    title = "Cloud 9"
}

@misc { commonjs,
    title = {Common{JS}},

    }
@misc { requirejs,
    title = {Require{JS}},

    }

@misc { GoogleChrome,
    title = {Google {C}hrome},

    }

@misc { IETools,
    title = {I{ET}ools},

    }

@misc { WebInspector,
    title = {Web{I}nspector},

}